<record><leader>00000cas a22000007a 4500</leader><controlfield tag="001">23467913</controlfield><controlfield tag="008">910415d193u1936couuu ne      0    0eng d</controlfield><datafield ind1=" " ind2=" " tag="010"><subfield code="a">sn 91052500 </subfield></datafield><datafield ind1=" " ind2=" " tag="040"><subfield code="a">CNQ</subfield><subfield code="b">eng</subfield><subfield code="c">CNQ</subfield><subfield code="d">OCLCQ</subfield></datafield><datafield ind1=" " ind2=" " tag="042"><subfield code="a">msc</subfield></datafield><datafield ind1="0" ind2="0" tag="245"><subfield code="a">Middle Park times and Kremmling register.</subfield></datafield><datafield ind1=" " ind2=" " tag="260"><subfield code="a">Hot Sulphur Springs, Colo. :</subfield><subfield code="b">George S. Heaton</subfield></datafield><datafield ind1=" " ind2=" " tag="300"><subfield code="a">v.</subfield></datafield><datafield ind1="1" ind2=" " tag="362"><subfield code="a">Ceased in 1936.</subfield></datafield><datafield ind1=" " ind2=" " tag="588"><subfield code="a">Description based on: Vol. 44, no. 51 (June 13, 1935) = v. 11, no. 5.</subfield></datafield><datafield ind1=" " ind2=" " tag="752"><subfield code="a">United States</subfield><subfield code="b">Colorado</subfield><subfield code="c">Grand</subfield><subfield code="d">Hot Sulphur Springs.</subfield></datafield><datafield ind1="0" ind2="4" tag="780"><subfield code="t">Middle Park times and Kremmling news</subfield><subfield code="w">(DLC)sn 91052120</subfield></datafield><datafield ind1="0" ind2="4" tag="780"><subfield code="t">Continuing the Kremmling register</subfield><subfield code="w">(DLC)sn 91052499</subfield></datafield><datafield ind1="0" ind2="0" tag="785"><subfield code="t">Middle Park times and Kremmling record</subfield><subfield code="w">(DLC)sn 90051795</subfield></datafield></record>